%% ----------------------------------------------------------------
%% ECS.bib
%% ---------------------------------------------------------------- 
@MISC{Gunn:2001:pdflatex,
  author =       {S.R. Gunn},
  title =        {PDFLaTeX Instructions},
  url =          {http://www.ecs.soton.ac.uk/~srg/softwaretools/document/}
}

@article{playlistExperience,
  title = {The Playlist Experience: Personal Playlists in Music Streaming Services},
  author = {Anja Nylund Hagen},
  journal = {Popular Music and Society},
  year = {2015},
  volume = {38},
  pages = {625 - 645},
  url={https://api.semanticscholar.org/CorpusID:193242204}
}